@INPROCEEDINGS{7839467, 
author={D. Pflüger and D. Pfander}, 
booktitle={2016 Fourth International Workshop on Software Engineering for High Performance Computing in Computational Science and Engineering (SE-HPCCSE)}, 
title={Computational Efficiency vs. Maintainability and Portability. Experiences with the Sparse Grid Code SG++}, 
year={2016}, 
pages={17-25}, 
doi={10.1109/SE-HPCCSE.2016.007}, 
month={Nov},}

@ARTICLE{1576661, 
author={Zhaoqing Wang and H. H. Cheng}, 
journal={IEEE Software}, 
title={Portable C/C++ code for portable XML data}, 
year={2006}, 
volume={23}, 
number={1}, 
pages={76-81}, 
ISSN={0740-7459}, 
month={Jan},}

@INPROCEEDINGS{1249233, 
author={R. T. Vaughan and B. P. Gerkey and A. Howard}, 
booktitle={Proceedings 2003 IEEE/RSJ International Conference on Intelligent Robots and Systems (IROS 2003) (Cat. No.03CH37453)}, 
title={On device abstractions for portable, reusable robot code}, 
year={2003}, 
volume={3}, 
pages={2421-2427 vol.3}, 
doi={10.1109/IROS.2003.1249233}, 
month={Oct},}

@INPROCEEDINGS{7763217, 
author={M. W. Moskewicz and F. N. Iandola and K. Keutzer}, 
booktitle={2016 IEEE 12th International Conference on Wireless and Mobile Computing, Networking and Communications (WiMob)}, 
title={Boda-RTC: Productive generation of portable, efficient code for convolutional neural networks on mobile computing platforms}, 
year={2016}, 
pages={1-10}, 
doi={10.1109/WiMOB.2016.7763217}, 
month={Oct},}

@INPROCEEDINGS{7839468, 
author={D. Pflüger and M. Mehl and J. Valentin and F. Lindner and D. Pfander and S. Wagner and D. Graziotin and Y. Wang}, 
booktitle={2016 Fourth International Workshop on Software Engineering for High Performance Computing in Computational Science and Engineering (SE-HPCCSE)}, 
title={The Scalability-Efficiency/Maintainability-Portability Trade-Off in Simulation Software Engineering: Examples and a Preliminary Systematic Literature Review}, 
year={2016}, 
pages={26-34}, 
month={Nov},}

@inproceedings{wasserman2010software,
  title={Software engineering issues for mobile application development},
  author={Wasserman, Anthony I},
  booktitle={Proceedings of the FSE/SDP workshop on Future of software engineering research},
  pages={397--400},
  year={2010},
  organization={ACM}
}

@book{schach2002object,
  title={Object-oriented and classical software engineering},
  author={Schach, Stephen R},
  volume={6},
  year={2002},
  publisher={McGraw-Hill New York}
}

@book{sametinger1997software,
  title={Software engineering with reusable components},
  author={Sametinger, Johannes},
  year={1997},
  publisher={Springer Science \& Business Media}
}

